<record><leader>00000cas a22000007a 4500</leader><controlfield tag="001">14978680</controlfield><controlfield tag="008">861216d18791882iauwr ne      0    0eng d</controlfield><datafield ind1=" " ind2=" " tag="010"><subfield code="a">sn 86061229 </subfield></datafield><datafield ind1=" " ind2=" " tag="040"><subfield code="a">INP</subfield><subfield code="b">eng</subfield><subfield code="c">INP</subfield><subfield code="d">OCLCQ</subfield></datafield><datafield ind1=" " ind2=" " tag="042"><subfield code="a">msc</subfield></datafield><datafield ind1="0" ind2=" " tag="130"><subfield code="a">Lansing journal (Lansing, Iowa)</subfield></datafield><datafield ind1="1" ind2="4" tag="245"><subfield code="a">The Lansing journal.</subfield></datafield><datafield ind1="1" ind2="3" tag="246"><subfield code="a">North Iowa journal</subfield><subfield code="f">Apr. 30, 1879</subfield></datafield><datafield ind1=" " ind2=" " tag="260"><subfield code="a">Lansing, Allamakee County, Iowa :</subfield><subfield code="b">[T.C. Medary],</subfield><subfield code="c">1879-1882.</subfield></datafield><datafield ind1=" " ind2=" " tag="300"><subfield code="a">4 v. ;</subfield><subfield code="c">70 cm.</subfield></datafield><datafield ind1=" " ind2=" " tag="310"><subfield code="a">Weekly</subfield></datafield><datafield ind1="0" ind2=" " tag="362"><subfield code="a">Vol. 12, no. 20 (Apr. 30, 1879)-v. 15, no. 39 (Oct. 18, 1882).</subfield></datafield><datafield ind1=" " ind2=" " tag="500"><subfield code="a">Publisher varies.</subfield></datafield><datafield ind1=" " ind2=" " tag="500"><subfield code="a">"Official paper of the county."</subfield></datafield><datafield ind1=" " ind2=" " tag="752"><subfield code="a">United States</subfield><subfield code="b">Iowa</subfield><subfield code="c">Allamakee</subfield><subfield code="d">Lansing.</subfield></datafield><datafield ind1="0" ind2="0" tag="780"><subfield code="t">North Iowa journal (Lansing, Iowa : 1872)</subfield><subfield code="w">(DLC)sn 84027187</subfield></datafield><datafield ind1="0" ind2="0" tag="785"><subfield code="t">Allamakee journal</subfield><subfield code="w">(DLC)sn 86061230</subfield></datafield></record>